@Book{ssa-method,
  author    = {Голяндина Н.Э.},
  publisher = {СПб: Изд-во СПбГУ},
  title     = {Метод «Гусеница»-SSA: анализ временных рядов: Учеб. пособие.},
  year      = {2004},
}

@Book{rssa-book,
  author    = {Nina Golyandina and Anton Korobeynikov and Anatoly Zhigljavsky},
  publisher = {Springer},
  title     = {Singular Spectrum Analysis with R},
  year      = {2018},
}

@Online{rssa-doc,
  note    = {[Электронный ресурс]},
  title   = {Rssa: A collection of methods for singular spectrum analysis},
  url     = {http://CRAN.R-project.org/package=Rssa},
  urldate = {2022-01-07},
  year    = {2021},
}

@Online{pyts-doc,
  note    = {[Электронный ресурс]},
  title   = {Singular Spectrum Analysis, A Python Package for Time Series Classification Documentation},
  url     = {https://pyts.readthedocs.io/en/stable/auto_examples/decomposition/plot_ssa.html},
  urldate = {2022-01-08},
}

@Online{kaggle-ssa-doc,
  note    = {[Электронный ресурс]},
  title   = {Introducing SSA for Time Series Decomposition},
  url     = {https://www.kaggle.com/jdarcy/introducing-ssa-for-time-series-decomposition},
  urldate = {2021-11-27},
}

@Online{r-doc,
  note    = {[Электронный ресурс]},
  title   = {R documentation},
  url     = {https://www.rdocumentation.org},
  urldate = {2022-01-08},
}

@Online{git-kieferc-doc,
  note    = {[Электронный ресурс]},
  title   = {Multivariate Singular Spectrum Analysis in Python},
  url     = {https://github.com/kieferk/pymssa},
  urldate = {2021-11-27},
}

@Online{py-doc,
  note    = {[Электронный ресурс]},
  title   = {Python documentation},
  url     = {https://docs.python.org/3/},
  urldate = {2022-01-08},
}

@Online{rpy-doc,
  note    = {[Электронный ресурс]},
  title   = {Documentation for rpy2},
  url     = {https://rpy2.github.io/doc/latest/html/index.html},
  urldate = {2022-01-08},
}

@Online{habr-doc,
  note    = {[Электронный ресурс]},
  title   = {6 способов значительно ускорить pandas с помощью пары строк кода. Часть 1},
  url     = {https://habr.com/ru/post/503726/},
  urldate = {2022-01-08},
}

@Online{matplotlib-doc,
  note    = {[Электронный ресурс]},
  title   = {Documentation for matplotlib},
  url     = {https://devdocs.io/matplotlib~3.1},
  urldate = {2022-01-08},
}

@Comment{jabref-meta: databaseType:bibtex;}
