@Book{ssa-method,
  author    = {Голяндина Н.Э.},
  publisher = {СПб: Изд-во СПбГУ},
  title     = {Метод «Гусеница»-SSA: анализ временных рядов: Учеб. пособие.},
  year      = {2004},
}

@Book{rssa-book,
  author    = {Nina Golyandina and Anton Korobeynikov and Anatoly Zhigljavsky},
  publisher = {Springer},
  title     = {Singular Spectrum Analysis with R},
  year      = {2018},
}

@Online{rssa-doc,
  note    = {[Электронный ресурс]},
  title   = {Rssa: A collection of methods for singular spectrum analysis},
  url     = {http://CRAN.R-project.org/package=Rssa},
  urldate = {2023-03-05},
  year    = {2023},
}

@Online{pyrssa-lib,
  note    = {[Электронный ресурс]},
  title   = {pyrssa package on PyPi},
  url     = {https://pypi.org/project/pyrssa/},
  urldate = {2023-03-05},
  year    = {2023},
}

@Online{sphinx-lib,
  note    = {[Электронный ресурс]},
  title   = {Sphinx documentation},
  url     = {https://www.sphinx-doc.org/en/master/},
  urldate = {2023-03-07},
  year    = {2023},
}

@Online{rst-doc,
  note    = {[Электронный ресурс]},
  title   = {reStructuredText Markup},
  url     = {https://devguide.python.org/documentation/markup/},
  urldate = {2023-03-06},
  year    = {2023},
}

@Online{docstring-doc,
  note    = {[Электронный ресурс]},
  title   = {Python Dosctring Conventions},
  url     = {https://peps.python.org/pep-0257/},
  urldate = {2023-03-07},
  year    = {2023},
}

@Online{pages-site,
  note    = {[Электронный ресурс]},
  title   = {Github Pages},
  url     = {https://pages.github.com/},
  urldate = {2023-03-07},
  year    = {2023},
}

@Online{pyrrsa-doc,
  note    = {[Электронный ресурс]},
  title   = {pyrssa package documentation},
  url     = {https://fleyderer.github.io/pyrssa/html/index.html},
  urldate = {2023-03-07},
  year    = {2023},
}

@Comment{jabref-meta: databaseType:bibtex;}
